%% This BibTeX bibliography file was created using BibDesk.
%% http://bibdesk.sourceforge.net/
% Encoding: UTF-8

@inproceedings{Albani2017,
  title={Monitoring and mapping with robot swarms for agricultural applications},
  author={Albani, Dario and IJsselmuiden, Joris and Haken, Ramon and Trianni, Vito},
  booktitle={2017 14th IEEE International Conference on Advanced Video and Signal Based Surveillance (AVSS)},
  pages={1--6},
  year={2017},
  organization={IEEE}
}

@article{Amoozgar2013,
	author = {Amoozgar, M Hadi and Chamseddine, Abbas and Zhang, Youmin},
	doi = {10.1007/s10846-012-9757-7},
	issn = {1573-0409},
	journal = {Journal of Intelligent \& Robotic Systems},
	number = {1},
	pages = {107-117},
	title = {{Experimental Test of a Two-Stage Kalman Filter for Actuator Fault Detection and Diagnosis of an Unmanned Quadrotor Helicopter}},
	url = {https://doi.org/10.1007/s10846-012-9757-7},
	volume = {70},
	year = {2013},
}

@article{Azzalini2021,
  author={Azzalini, Davide and Bonali, Luca and Amigoni, Francesco},
  journal={IEEE Robotics and Automation Letters}, 
  title={A Minimally Supervised Approach Based on Variational Autoencoders for Anomaly Detection in Autonomous Robots}, 
  year={2021},
  volume={6},
  number={2},
  pages={2985-2992},
  doi={10.1109/LRA.2021.3062597}
}

@article{Bader2017,
	title = {A fault tolerant architecture for data fusion: A real application of Kalman filters for mobile robot localization},
	journal = {Robotics and Autonomous Systems},
	volume = {88},
	pages = {11-23},
	year = {2017},
	issn = {0921-8890},
	doi = {https://doi.org/10.1016/j.robot.2016.11.015},
	url = {https://www.sciencedirect.com/science/article/pii/S0921889015302943},
	author = {Kaci Bader and Benjamin Lussier and Walter Schön},
	keywords = {Data fusion, Multi-sensor perception, Dependability, Fault tolerance}
}

@article{Balzquez2020,
  author    = {Ane Bl{\'{a}}zquez{-}Garc{\'{\i}}a and
               Angel Conde and
               Usue Mori and
               Jos{\'{e}} Antonio Lozano},
  title     = {A review on outlier/anomaly detection in time series data},
  journal   = {CoRR},
  volume    = {abs/2002.04236},
  year      = {2020},
  url       = {https://arxiv.org/abs/2002.04236},
  eprinttype = {arXiv},
  eprint    = {2002.04236},
  timestamp = {Thu, 14 Oct 2021 09:15:21 +0200},
  biburl    = {https://dblp.org/rec/journals/corr/abs-2002-04236.bib},
  bibsource = {dblp computer science bibliography, https://dblp.org}
}

@book{Bishop2006,
	author = {Bishop, Christopher M.},
	title = {Pattern Recognition and Machine Learning (Information Science and Statistics)},
	year = {2006},
	isbn = {0387310738},
	publisher = {Springer-Verlag},
	address = {Berlin, Heidelberg}
}

@incollection{Bjerknes2013,
	author="Bjerknes, Jan Dyre
	and Winfield, Alan F. T.",
	editor="Martinoli, Alcherio
	and Mondada, Francesco
	and Correll, Nikolaus
	and Mermoud, Gr{\'e}gory
	and Egerstedt, Magnus
	and Hsieh, M. Ani
	and Parker, Lynne E.
	and St{\o}y, Kasper",
	title="On Fault Tolerance and Scalability of Swarm Robotic Systems",
	bookTitle="Distributed Autonomous Robotic Systems: The 10th International Symposium",
	year="2013",
	publisher="Springer Berlin Heidelberg",
	address="Berlin, Heidelberg",
	pages="431--444",
	doi="10.1007/978-3-642-32723-0_31",
	url="https://doi.org/10.1007/978-3-642-32723-0_31"
}

@inproceedings{Bonani2010,
  title={The marXbot, a miniature mobile robot opening new perspectives for the collective-robotic research},
  author={Bonani, Michael and Longchamp, Valentin and Magnenat, St{\'e}phane and R{\'e}tornaz, Philippe and Burnier, Daniel and Roulet, Gilles and Vaussard, Florian and Bleuler, Hannes and Mondada, Francesco},
  booktitle={2010 IEEE/RSJ International Conference on Intelligent Robots and Systems},
  pages={4187--4193},
  year={2010},
  organization={IEEE}
}

@article{Breiman2001,
  title={Random forests},
  author={Breiman, Leo},
  journal={Machine learning},
  volume={45},
  number={1},
  pages={5--32},
  year={2001},
  publisher={Springer}
}

@book{BreFriOlsSto84a,
  added-at = {2020-05-07T22:53:11.000+0200},
  address = {Monterey, CA},
  author = {Breiman, L. and Friedman, J. H. and Olshen, R. A. and Stone, C. J.},
  biburl = {https://www.bibsonomy.org/bibtex/27f293aa2bdfd10960ef36928f2795f1d/flashspys},
  interhash = {61f3e6d61ba17bb493014bd1c6dfa670},
  intrahash = {7f293aa2bdfd10960ef36928f2795f1d},
  keywords = {ma treelearning},
  publisher = {Wadsworth and Brooks},
  serial = {bre84a},
  timestamp = {2020-05-07T22:53:11.000+0200},
  title = {Classification and Regression Trees},
  year = 1984
}

@article{Christensen2009,
  author={Christensen, Anders Lyhne and OGrady, Rehan and Dorigo, Marco},
  journal={IEEE Transactions on Evolutionary Computation}, 
  title={From Fireflies to Fault-Tolerant Swarms of Robots}, 
  year={2009},
  volume={13},
  number={4},
  pages={754-766},
  doi={10.1109/TEVC.2009.2017516}
}

@inproceedings{Enright2011,
	author = {Enright, John J. and Wurman, Peter R.},
	title = {Optimization and Coordinated Autonomy in Mobile Fulfillment Systems},
	year = {2011},
	publisher = {AAAI Press},
	booktitle = {Proceedings of the 9th AAAI Conference on Automated Action Planning for Autonomous Mobile Robots},
	pages = {33–38},
	numpages = {6},
	series = {AAAIWS'11-09}
}

@article{Ferrante2012,
	author = {Ferrante, Eliseo and Turgut, Ali and Huepe, Cristian and Stranieri, Alessandro and Pinciroli, Carlo and Dorigo, Marco},
	year = {2012},
	month = {12},
	pages = {460-477},
	title = {Self-Organized Flocking with a Mobile Robot Swarm: a Novel Motion Control Method},
	volume = {20},
	journal = {Adaptive Behavior},
	doi = {10.1177/1059712312462248}
}

@book{Fernandez2018,
  title={Learning from imbalanced data sets},
  author={Fern{\'a}ndez, Alberto and Garc{\'\i}a, Salvador and Galar, Mikel and Prati, Ronaldo C and Krawczyk, Bartosz and Herrera, Francisco},
  volume={10},
  year={2018},
  publisher={Springer}
}

@article{Freund1997,
	title = {A Decision-Theoretic Generalization of On-Line Learning and an Application to Boosting},
	journal = {Journal of Computer and System Sciences},
	volume = {55},
	number = {1},
	pages = {119-139},
	year = {1997},
	issn = {0022-0000},
	doi = {https://doi.org/10.1006/jcss.1997.1504},
	url = {https://www.sciencedirect.com/science/article/pii/S002200009791504X},
	author = {Yoav Freund and Robert E Schapire}
}

@online{Guizzo2008,
  author = {Enrico Guizzo},
  title = {Kiva Systems: three engineers, hundreds of robots, one warehouse},
  year = 2010,
  url = {https://spectrum.ieee.org/three-engineers-hundreds-of-robots-one-warehouse},
  urldate = {2021-11-15}
}

@article{Hancock1996,
  title = {Lower Bounds on Learning Decision Lists and Trees},
  journal = {Information and Computation},
  volume = {126},
  number = {2},
  pages = {114-122},
  year = {1996},
  issn = {0890-5401},
  doi = {https://doi.org/10.1006/inco.1996.0040},
  url = {https://www.sciencedirect.com/science/article/pii/S0890540196900401},
  author = {Thomas Hancock and Tao Jiang and Ming Li and John Tromp},
  keywords = {decision list, decision tree, PAC-learning, computational complexity, approximation algorithm}
}

@article{Harrou2019,
  author={Harrou, Fouzi and Khaldi, Belkacem and Sun, Ying and Cherif, Foudil},
  journal={IEEE Sensors Journal}, 
  title={Monitoring Robotic Swarm Systems Under Noisy Conditions Using an Effective Fault Detection Strategy}, 
  year={2019},
  volume={19},
  number={3},
  pages={1141-1152},
  doi={10.1109/JSEN.2018.2877183}
}

@article{Harrou2020,
  author={Harrou, Fouzi and Khaldi, Belkacem and Sun, Ying and Cherif, Foudil},
  journal={IEEE Sensors Journal}, 
  title={An Efficient Statistical Strategy to Monitor a Robot Swarm}, 
  year={2020},
  volume={20},
  number={4},
  pages={2214-2223},
  doi={10.1109/JSEN.2019.2950695}
}

@article{Hashem1995,  
	author={Hashem, S. and Schmeiser, B.},  
	journal={IEEE Transactions on Neural Networks},   
	title={Improving model accuracy using optimal linear combinations of trained neural networks},   
	year={1995},  
	volume={6},  
	number={3},  
	pages={792-794},  
	doi={10.1109/72.377990}
}

@book{Hastie2009,
  added-at = {2010-06-03T15:15:09.000+0200},
  author = {Hastie, Trevor and Tibshirani, Robert and Friedman, Jerome},
  biburl = {https://www.bibsonomy.org/bibtex/200d858c0bd2826d4eb5f39450192d1f5/ukoethe},
  edition = 2,
  file = {:Books\\HastieTibshiraniFriedman-09-Elements-of-Statistical-Learning-2nd-edition\\hastie_09_elements-of.statistical-learning.pdf:PDF},
  interhash = {52d1772f39be836e3b298d37b8c0cfa1},
  intrahash = {00d858c0bd2826d4eb5f39450192d1f5},
  keywords = {inference mathmatics dataanalysis method clutering statistics},
  publisher = {Springer},
  timestamp = {2010-06-03T15:15:09.000+0200},
  title = {The elements of statistical learning: data mining, inference and prediction},
  url = {http://www-stat.stanford.edu/~tibs/ElemStatLearn/},
  year = 2009
}

@misc{IRobot,
  title = {{iRobot Create 2}},
  author = {{Massachusetts Institute of Technology}},
  year = {2014},
  url = {https://www.irobot.com/about-irobot/stem/create-2.aspx},
  urldate = {2021-11-13}
}

@article{ISERMANN1997709,
	title = {Trends in the application of model-based fault detection and diagnosis of technical processes},
	journal = {Control Engineering Practice},
	volume = {5},
	number = {5},
	pages = {709-719},
	year = {1997},
	issn = {0967-0661},
	doi = {https://doi.org/10.1016/S0967-0661(97)00053-1},
	url = {https://www.sciencedirect.com/science/article/pii/S0967066197000531},
	author = {R. Isermann and P. Ballé},
	keywords = {Fault detection, fault diagnosis, supervision, actuator faults, sensor faults, process faults, state observer, parity space, parameter estimation, classification, diagnostic reasoning},
}

@inproceedings{Jin-Ho1999,
  author={Jin-Ho Shin and Ju-Jang Lee},
  booktitle={Proceedings 1999 IEEE International Conference on Robotics and Automation (Cat. No.99CH36288C)}, 
  title={Fault detection and robust fault recovery control for robot manipulators with actuator failures}, 
  year={1999},
  volume={2},
  number={},
  pages={861-866 vol.2},
  doi={10.1109/ROBOT.1999.772398}
}

@article{Khalastchi2015,
	author = {Khalastchi, Eliahu and Kalech, Meir and Kaminka, Gal A and Lin, Raz},
	doi = {10.1007/s10115-014-0754-y},
	issn = {0219-3116},
	journal = {Knowledge and Information Systems},
	number = {3},
	pages = {657--688},
	title = {{Online data-driven anomaly detection in autonomous robots}},
	url = {https://doi.org/10.1007/s10115-014-0754-y},
	volume = {43},
	year = {2015}
}

@article{Khalastchi2018, 
	author = {Khalastchi, Eliahu and Kalech, Meir}, 
	title = {On Fault Detection and Diagnosis in Robotic Systems}, 
	year = {2018}, 
	issue_date = {April 2018}, 
	publisher = {Association for Computing Machinery}, 
	address = {New York, NY, USA}, 
	volume = {51}, 
	number = {1}, 
	issn = {0360-0300}, 
	url = {https://doi.org/10.1145/3146389}, 
	doi = {10.1145/3146389}, 
	journal = {ACM Comput. Surv.}, 
	month = jan, 
	articleno = {9}, 
	numpages = {24}, 
	keywords = {Fault detection, robots, fault diagnosis} 
}

@article{Khalastchi2019,
   author = {Eliahu Khalastchi and Meir Kalech},
   doi = {10.3390/s19184019},
   issn = {14248220},
   issue = {18},
   journal = {Sensors (Switzerland)},
   keywords = {Fault detection,Fault diagnosis,Multi-robot systems,Survey},
   pmid = {31540376},
   title = {Fault detection and diagnosis in multi-robot systems: A survey},
   volume = {19},
   year = {2019},
}
  
@article{Khaldi2017,
	title = {Monitoring a robot swarm using a data-driven fault detection approach},
	journal = {Robotics and Autonomous Systems},
	volume = {97},
	pages = {193-203},
	year = {2017},
	issn = {0921-8890},
	doi = {https://doi.org/10.1016/j.robot.2017.06.002},
	url = {https://www.sciencedirect.com/science/article/pii/S0921889017300854},
	author = {Belkacem Khaldi and Fouzi Harrou and Foudil Cherif and Ying Sun},
	keywords = {Exogenous fault detection, Swarm robotics, Viscoelastic control model, Data-driven approaches, Statistical monitoring schemes}
}

@ARTICLE{Kunze2018,
  author={Kunze, Lars and Hawes, Nick and Duckett, Tom and Hanheide, Marc and Krajník, Tomáš},
  journal={IEEE Robotics and Automation Letters}, 
  title={Artificial Intelligence for Long-Term Robot Autonomy: A Survey}, 
  year={2018},
  volume={3},
  number={4},
  pages={4023-4030},
  doi={10.1109/LRA.2018.2860628}	
}

@inproceedings{LiXingyan2007,
  author={Li, Xingyan and Parker, Lynne E.},
  booktitle={Proceedings 2007 IEEE International Conference on Robotics and Automation}, 
  title={Sensor Analysis for Fault Detection in Tightly-Coupled Multi-Robot Team Tasks}, 
  year={2007},
  volume={},
  number={},
  pages={3269-3276},
  doi={10.1109/ROBOT.2007.363977}
}

@article{Loh2011,
  title={Classification and regression trees},
  author={Loh, Wei-Yin},
  journal={Wiley interdisciplinary reviews: data mining and knowledge discovery},
  volume={1},
  number={1},
  pages={14--23},
  year={2011},
  publisher={Wiley Online Library}
}

@article{Merschformann2018,
	author = {Merschformann, Marius and Xie, Lin and Li, Hanyi},
	year = {2018},
	month = {08},
	pages = {},
	title = {RAWSim-O: A Simulation Framework for Robotic Mobile Fulfillment Systems},
	volume = {11},
	journal = {Logistics Research},
	doi = {10.23773/2018_8}
}

@inproceedings{Micalizio2004,
	author = {Micalizio, R. and Torasso, P. and Torta, G.},
	title = {On-Line Monitoring and Diagnosis of Multi-Agent Systems: A Model Based Approach},
	year = {2004},
	isbn = {9781586034528},
	publisher = {IOS Press},
	address = {NLD},
	booktitle = {Proceedings of the 16th European Conference on Artificial Intelligence},
	pages = {848–852},
	numpages = {5},
	location = {Valencia, Spain},
	series = {ECAI'04}
}

@article{MienVan2015,
	author = {Mien Van and Hee-Jun Kang},
	title ={Robust fault-tolerant control for uncertain robot manipulators based on adaptive quasi-continuous high-order sliding mode and neural network},
	journal = {Proceedings of the Institution of Mechanical Engineers, Part C: Journal of Mechanical Engineering Science},
	volume = {229},
	number = {8},
	pages = {1425-1446},
	year = {2015},
	doi = {10.1177/0954406214544311},
	URL = {https://doi.org/10.1177/0954406214544311},
	eprint = {https://doi.org/10.1177/0954406214544311},
}

@techreport{nembrini2005minimalist,
  title={Minimalist coherent swarming of wireless networked autonomous mobile robots},
  author={Nembrini, Julien},
  year={2005},
  institution={University of the West of England}
}

@book{Nof1999,
  title={Handbook of industrial robotics},
  author={Nof, Shimon Y},
  year={1999},
  publisher={John Wiley \& Sons}
}

@article{Pinciroli:SI2012,
  author = "Carlo Pinciroli and Vito Trianni and Rehan O'Grady and Giovanni Pini and Arne Brutschy and Manuele Brambilla and Nithin Mathews and Eliseo Ferrante and Gianni {Di Caro} and Frederick Ducatelle and Mauro Birattari and Luca Maria Gambardella and Marco Dorigo",
  title = "{ARGoS}: a Modular, Parallel, Multi-Engine Simulator for Multi-Robot Systems",
  journal = "Swarm Intelligence",
  year = "2012",
  volume = "6",
  number = "4",
  pages = "271--295",
  publisher = "Springer",
  address = "Berlin, Germany"
}

@online{PinciroliCode,
  author = {Carlo Pinciroli},
  title = {ARGoS EXAMPLES},
  year = 2015,
  url = {https://github.com/ilpincy/argos3-examples/blob/master/controllers/footbot_foraging/footbot_foraging.cpp},
  urldate = {2021-11-16}
}
@article{Rojas2009,
  title={AdaBoost and the super bowl of classifiers a tutorial introduction to adaptive boosting},
  author={Rojas, Ra{\'u}l and others},
  journal={Freie University, Berlin, Tech. Rep},
  year={2009}
}

@article{Rokach2005,
	author = {Rokach, Lior and Maimon, Oded},
	year = {2005},
	month = {12},
	pages = {476 - 487},
	title = {Top-Down Induction of Decision Trees Classifiers—A Survey},
	volume = {35},
	journal = {Systems, Man, and Cybernetics, Part C: Applications and Reviews, IEEE Transactions on},
	doi = {10.1109/TSMCC.2004.843247}
}

@inproceedings{Sahin2005,
	author="{\c{S}}ahin, Erol",
	editor="{\c{S}}ahin, Erol
	and Spears, William M.",
	title="Swarm Robotics: From Sources of Inspiration to Domains of Application",
	booktitle="Swarm Robotics",
	year="2005",
	publisher="Springer Berlin Heidelberg",
	address="Berlin, Heidelberg",
	pages="10--20",
	isbn="978-3-540-30552-1"
}

@inproceedings{sklearn_api,
  author = {Lars Buitinck and Gilles Louppe and Mathieu Blondel and
               Fabian Pedregosa and Andreas Mueller and Olivier Grisel and
               Vlad Niculae and Peter Prettenhofer and Alexandre Gramfort
               and Jaques Grobler and Robert Layton and Jake VanderPlas and
               Arnaud Joly and Brian Holt and Ga{\"{e}}l Varoquaux},
  title = {{API} design for machine learning software: experiences from the scikit-learn
               project},
  booktitle = {ECML PKDD Workshop: Languages for Data Mining and Machine Learning},
  year = {2013},
  pages = {108--122},
}

@Misc{SciPy,
  author =    {Eric Jones and Travis Oliphant and Pearu Peterson and others},
  title =     {{SciPy}: Open source scientific tools for {Python}},
  year =      {2001--},
  url = "http://www.scipy.org/"
}

@online{Senseable2010,
  author = {{MIT Senseable City Lab}},
  title = {Seaswarm},
  year = 2010,
  url = {http://senseable.mit.edu/seaswarm/index.html},
  urldate = {2021-11-03}
}

@article{Skoundrianos2004,
  author={Skoundrianos, E.N. and Tzafestas, S.G.},
  journal={IEEE Robotics   Automation Magazine}, 
  title={Finding fault - fault diagnosis on the wheels of a mobile robot using local model neural networks}, 
  year={2004},
  volume={11},
  number={3},
  pages={83-90},
  doi={10.1109/MRA.2004.1337829}
}

@online{Swarmanoid2006,
  author={Marco Dorigo},
  title = {{Swarmanoid}},
  year = 2006,
  url = {https://www.swarmanoid.org/index.php.html},
  urldate = {2021-11-13}
}

@article{Tarapore2017,
    doi = {10.1371/journal.pone.0182058},
    author = {Tarapore, Danesh AND Christensen, Anders Lyhne AND Timmis, Jon},
    journal = {PLOS ONE},
    publisher = {Public Library of Science},
    title = {Generic, scalable and decentralized fault detection for robot swarms},
    year = {2017},
    month = {08},
    volume = {12},
    url = {https://doi.org/10.1371/journal.pone.0182058},
    pages = {1-29},
    number = {8},
}

@Article{tenhompel2020,
  author = 	"ten Hompel, Michael
		and Bayhan, Haci
		and Behling, Jan
		and Benkenstein, Leonie
		and Emmerich, Jan
		and Follert, Guido
		and Grzenia, Martin
		and Hammermeister, Christian
		and Hasse, Hendrik
		and Hoening, Dirk
		and Hoppe, Christian
		and Kerner, S{\"o}ren
		and Klokowski, Patrick
		and Korth, Benjamin
		and Kuhlmann, Gerd
		and Leveling, Jens
		and L{\"u}nsch, Dennis
		and Mendel, Ralf
		and Menebr{\"o}ker, Fabian
		and Nettstr{\"a}ter, Andreas
		and Pieperbeck, Johannes
		and Prasse, Christian
		and Roeder, Sebastian
		and Roidl, Moritz
		and Rotgeri, Mathias
		and Sparer, Dominik
		and Walter, Stefan
		and Wolf, Oliver",
  title = 	"Technical Report: LoadRunner®, a new platform approach on collaborative logistics services",
  journal = 	"Logistics Journal : nicht referierte Ver{\"o}ffentlichungen",
  year = 	"2020",
  volume = 	"2020",
  number = 	"10",
  keywords = 	"B2B platforms; agv; artificial intelligence; autonomous vehicle platform; data economy; decentral control; international data spaces; platform economy; silicon economy; swarm",
  abstract = 	"This article describes a concept for collaborative logistics services on the basis of a new autonomous vehicle platform and a corresponding digital infrastructure for its operation. The basis is an open source infrastructure including the optimization of the vehicle swarm, the order management, the participant management, the billing of the services provided as well as the connection to external services while maintaining the data sovereignty.",
  issn = 	"1860-5923",
  doi = 	"10.2195/lj_NotRev_tenhompel_en_202010_01",
  url = 	"https://www.logistics-journal.de/not-reviewed/2020/10/5114"
}

@article{Verma2004,
  author={Verma, V. and Gordon, G. and Simmons, R. and Thrun, S.},
  journal={IEEE Robotics   Automation Magazine}, 
  title={Real-time fault diagnosis [robot fault diagnosis]}, 
  year={2004},
  volume={11},
  number={2},
  pages={56-66},
  doi={10.1109/MRA.2004.1310942}
}

@inproceedings{Wei2017,
  author={Hao Wei and Timmis, Jon and Alexander, Rob},
  booktitle={2017 IEEE Congress on Evolutionary Computation (CEC)}, 
  title={Evolving test environments to identify faults in swarm robotics algorithms}, 
  year={2017},
  volume={},
  number={},
  pages={929-935},
  doi={10.1109/CEC.2017.7969408}
}

@article{Winfield2006,
	author = {Winfield, Alan F.T. and Nembrini, Julien},
	doi = {10.1504/IJMIC.2006.008645},
	issn = {17466180},
	journal = {International Journal of Modelling, Identification and Control},
	keywords = {Fault-tolerance,Reliability,Safety,Swarm engineering,Swarm intelligence,Swarm robotics},
	number = {1},
	pages = {30--37},
	title = {{Safety in numbers: Fault-tolerance in robot swarms}},
	volume = {1},
	year = {2006}
}

@Inbook{Winfield2009,
  author="Winfield, Alan FT",
  title="Foraging Robots",
  bookTitle="Encyclopedia of Complexity and Systems Science",
  year="2009",
  publisher="Springer New York",
  address="New York, NY",
  pages="3682--3700",
  isbn="978-0-387-30440-3",
  doi="10.1007/978-0-387-30440-3_217",
  url="https://doi.org/10.1007/978-0-387-30440-3_217"
}

@article{Zantema2000,
	title = "Finding small equivalent decision trees is hard",
	author = "H. Zantema and H.L. Bodlaender",
	year = "2000",
	doi = "10.1142/S0129054100000193",
	language = "English",
	volume = "11",
	pages = "343--354",
	journal = "International Journal of Foundations of Computer Science",
	issn = "0129-0541",
	publisher = "World Scientific",
	number = "2",
}